ScalpingController,10400,400,-10000,3,111.77,2008-01-01 05:38:50.558,4,111.73,2008-01-01 05:39:26.642,111.77,0
Strategy-111.74,10600,600,-10000,3,111.77,2008-01-01 05:38:50.558,4,111.71,2008-01-01 05:39:37.673,111.77,0
Strategy-111.715,10600,600,-10000,8,111.74,2008-01-01 05:43:39.009,21,111.68,2008-01-01 06:00:40.960,111.74,0
Strategy-111.665,10500,500,10000,23,111.64,2008-01-01 06:02:08.124,26,111.69,2008-01-01 06:05:07.365,111.69,0
Strategy-111.69,10600,600,10000,22,111.66,2008-01-01 06:01:01.018,39,111.72,2008-01-01 06:20:55.553,111.72,0
ScalpingController,11900,1500,20000,4,111.645,2008-01-01 05:39:37.673,39,111.72,2008-01-01 06:20:55.553,111.74,0
Strategy-111.69,11200,600,-10000,39,111.72,2008-01-01 06:20:55.553,52,111.66,2008-01-01 06:37:32.421,111.72,0
Strategy-111.69,11800,600,10000,52,111.66,2008-01-01 06:37:32.421,58,111.72,2008-01-01 06:48:55.164,111.72,0
ScalpingController,13100,1200,20000,52,111.66,2008-01-01 06:37:32.421,58,111.72,2008-01-01 06:48:55.164,111.72,0
Strategy-111.715,11200,600,10000,21,111.68,2008-01-01 06:00:40.960,91,111.74,2008-01-01 07:53:52.577,111.74,0
Strategy-111.765,10800,800,10000,4,111.73,2008-01-01 05:39:26.642,95,111.81,2008-01-01 07:57:30.935,111.81,0
Strategy-111.74,11600,1000,10000,4,111.71,2008-01-01 05:39:37.673,95,111.81,2008-01-01 07:57:30.935,111.81,0
Strategy-111.815,10500,500,-10000,97,111.84,2008-01-01 07:59:25.220,98,111.79,2008-01-01 08:00:28.386,111.84,0
Strategy-111.815,11000,500,10000,98,111.79,2008-01-01 08:00:28.386,115,111.84,2008-01-01 08:22:51.214,111.84,0
Strategy-111.815,11500,500,-10000,115,111.84,2008-01-01 08:22:51.214,123,111.79,2008-01-01 08:37:59.344,111.84,0
Strategy-111.79,10600,600,-10000,96,111.82,2008-01-01 07:58:08.035,129,111.76,2008-01-01 08:46:46.842,111.82,0
Strategy-111.765,11500,700,-10000,95,111.81,2008-01-01 07:57:30.935,132,111.74,2008-01-01 08:51:24.148,111.81,0
Strategy-111.765,12000,500,10000,132,111.74,2008-01-01 08:51:24.148,134,111.79,2008-01-01 08:55:24.462,111.79,0
Strategy-111.765,12500,500,-10000,134,111.79,2008-01-01 08:55:24.462,138,111.74,2008-01-01 09:03:43.005,111.79,0
Strategy-111.74,12600,1000,-10000,95,111.81,2008-01-01 07:57:30.935,153,111.71,2008-01-01 09:24:16.281,111.81,0
ScalpingController,18100,5000,-10000,91,112.21,2008-01-01 07:53:52.577,153,111.71,2008-01-01 09:24:16.281,111.84,0
Strategy-111.715,11700,500,-10000,91,111.74,2008-01-01 07:53:52.577,164,111.69,2008-01-01 09:37:50.931,111.74,0
Strategy-111.69,12400,600,-10000,58,111.72,2008-01-01 06:48:55.164,183,111.66,2008-01-01 10:23:36.257,111.72,0
Strategy-111.665,11000,500,-10000,26,111.69,2008-01-01 06:05:07.365,187,111.64,2008-01-01 10:27:39.872,111.69,0
Strategy-111.665,11500,500,10000,187,111.64,2008-01-01 10:27:39.872,191,111.69,2008-01-01 10:31:29.447,111.69,0
Strategy-111.665,12100,600,-10000,191,111.69,2008-01-01 10:31:29.447,196,111.63,2008-01-01 10:36:16.260,111.69,0
Strategy-111.64,10600,600,-10000,25,111.67,2008-01-01 06:04:30.276,196,111.61,2008-01-01 10:36:24.299,111.67,0
Strategy-111.365,10500,500,10000,209,111.34,2008-01-01 10:50:09.753,213,111.39,2008-01-01 10:54:48.397,111.39,0
Strategy-111.39,10700,700,10000,208,111.35,2008-01-01 10:48:13.506,214,111.42,2008-01-01 10:55:27.509,111.42,0
Strategy-111.415,11000,1000,10000,207,111.36,2008-01-01 10:47:11.351,215,111.46,2008-01-01 10:56:52.678,111.46,0
Strategy-111.44,10700,700,10000,206,111.4,2008-01-01 10:46:01.090,217,111.47,2008-01-01 10:58:01.921,111.47,0
Strategy-111.44,11300,600,-10000,217,111.47,2008-01-01 10:58:01.921,229,111.41,2008-01-01 11:11:07.643,111.47,0
Strategy-111.44,12000,700,10000,229,111.41,2008-01-01 11:11:07.643,236,111.48,2008-01-01 11:19:07.435,111.48,0
Strategy-111.44,12700,700,-10000,236,111.48,2008-01-01 11:19:07.435,241,111.41,2008-01-01 11:24:07.993,111.48,0
Strategy-111.415,11700,700,-10000,215,111.46,2008-01-01 10:56:52.678,251,111.39,2008-01-01 11:37:31.041,111.46,0
Strategy-111.415,12200,500,10000,251,111.39,2008-01-01 11:37:31.041,264,111.44,2008-01-01 11:52:44.420,111.44,0
Strategy-111.44,13300,600,10000,241,111.41,2008-01-01 11:24:07.993,278,111.47,2008-01-01 12:08:02.875,111.47,0
Strategy-111.465,10500,500,10000,205,111.44,2008-01-01 10:45:03.863,278,111.49,2008-01-01 12:08:38.981,111.49,0
Strategy-111.49,10800,800,10000,204,111.44,2008-01-01 10:44:00.761,281,111.52,2008-01-01 12:11:32.354,111.52,0
Strategy-111.515,10500,500,10000,202,111.49,2008-01-01 10:42:38.510,284,111.54,2008-01-01 12:14:29.710,111.54,0
Strategy-111.54,10700,700,10000,201,111.5,2008-01-01 10:41:05.162,285,111.57,2008-01-01 12:15:22.882,111.57,0
Strategy-111.565,10500,500,10000,200,111.54,2008-01-01 10:40:32.023,285,111.59,2008-01-01 12:15:57.983,111.59,0
Strategy-111.565,11000,500,-10000,285,111.59,2008-01-01 12:15:57.983,293,111.54,2008-01-01 12:23:03.300,111.59,0
Strategy-111.54,11300,600,-10000,285,111.57,2008-01-01 12:15:22.882,293,111.51,2008-01-01 12:23:55.559,111.57,0
Strategy-111.54,11900,600,10000,293,111.51,2008-01-01 12:23:55.559,296,111.57,2008-01-01 12:26:55.184,111.57,0
Strategy-111.565,11500,500,10000,293,111.54,2008-01-01 12:23:03.300,301,111.59,2008-01-01 12:32:06.756,111.59,0
Strategy-111.565,12000,500,-10000,301,111.59,2008-01-01 12:32:06.756,310,111.54,2008-01-01 12:43:24.150,111.59,0
Strategy-111.565,12500,500,10000,310,111.54,2008-01-01 12:43:24.150,315,111.59,2008-01-01 12:48:46.955,111.59,0
Strategy-111.59,10600,600,10000,198,111.56,2008-01-01 10:38:12.625,321,111.62,2008-01-01 12:54:44.966,111.62,0
ScalpingController,15899.999999998,-2200.000000002,10000,153,111.84,2008-01-01 09:24:16.281,321,111.62,2008-01-01 12:54:44.966,111.74,0
Strategy-111.615,10600,600,10000,197,111.58,2008-01-01 10:37:07.445,322,111.64,2008-01-01 12:55:55.161,111.64,0
Strategy-111.64,11200,600,10000,196,111.61,2008-01-01 10:36:24.299,325,111.67,2008-01-01 12:58:45.810,111.67,0
Strategy-111.665,12700,600,10000,196,111.63,2008-01-01 10:36:16.260,326,111.69,2008-01-01 12:59:58.185,111.69,0
Strategy-111.69,13000,600,10000,183,111.66,2008-01-01 10:23:36.257,328,111.72,2008-01-01 13:01:43.838,111.72,0
Strategy-111.715,12200,500,10000,164,111.69,2008-01-01 09:37:50.931,328,111.74,2008-01-01 13:01:59.984,111.74,0
Strategy-111.74,13300,700,10000,153,111.71,2008-01-01 09:24:16.281,331,111.78,2008-01-01 13:04:32.152,111.78,0
Strategy-111.765,13100,600,10000,138,111.74,2008-01-01 09:03:43.005,331,111.8,2008-01-01 13:04:52.250,111.8,0
Strategy-111.79,11200,600,10000,129,111.76,2008-01-01 08:46:46.842,332,111.82,2008-01-01 13:05:17.416,111.82,0
Strategy-111.815,12000,500,10000,123,111.79,2008-01-01 08:37:59.344,332,111.84,2008-01-01 13:05:25.473,111.84,0
Strategy-111.84,10900,900,10000,98,111.79,2008-01-01 08:00:28.386,333,111.88,2008-01-01 13:06:12.838,111.88,0
Strategy-111.84,11600,700,-10000,333,111.88,2008-01-01 13:06:12.838,337,111.81,2008-01-01 13:10:12.321,111.88,0
Strategy-111.815,12600,600,-10000,332,111.84,2008-01-01 13:05:25.473,337,111.78,2008-01-01 13:10:46.454,111.84,0
Strategy-111.79,11800,600,-10000,332,111.82,2008-01-01 13:05:17.416,339,111.76,2008-01-01 13:12:45.984,111.82,0
Strategy-111.79,12400,600,10000,339,111.76,2008-01-01 13:12:45.984,343,111.82,2008-01-01 13:16:31.937,111.82,0
Strategy-111.79,13100,700,-10000,343,111.82,2008-01-01 13:16:31.937,348,111.75,2008-01-01 13:21:18.950,111.82,0
Strategy-111.765,13700,600,-10000,331,111.8,2008-01-01 13:04:52.250,352,111.74,2008-01-01 13:25:13.735,111.8,0
Strategy-111.74,14000,700,-10000,331,111.78,2008-01-01 13:04:32.152,356,111.71,2008-01-01 13:29:48.657,111.78,0
Strategy-111.715,12800,600,-10000,328,111.74,2008-01-01 13:01:59.984,357,111.68,2008-01-01 13:30:55.951,111.74,0
Strategy-111.69,13700,700,-10000,328,111.72,2008-01-01 13:01:43.838,359,111.65,2008-01-01 13:32:22.396,111.72,0
Strategy-111.665,13200,500,-10000,326,111.69,2008-01-01 12:59:58.185,359,111.64,2008-01-01 13:32:35.457,111.69,0
Strategy-111.64,11800,600,-10000,325,111.67,2008-01-01 12:58:45.810,361,111.61,2008-01-01 13:34:22.185,111.67,0
Strategy-111.615,11100,500,-10000,322,111.64,2008-01-01 12:55:55.161,361,111.59,2008-01-01 13:34:45.358,111.64,0
ScalpingController,27299.999999998,11400,-20000,321,112.16,2008-01-01 12:54:44.966,361,111.59,2008-01-01 13:34:45.358,111.89,0
Strategy-111.565,13000,500,-10000,315,111.59,2008-01-01 12:48:46.955,366,111.54,2008-01-01 13:39:04.562,111.59,0
Strategy-111.59,11400,800,-10000,321,111.62,2008-01-01 12:54:44.966,366,111.54,2008-01-01 13:39:04.562,111.62,0
Strategy-111.54,12500,600,-10000,296,111.57,2008-01-01 12:26:55.184,372,111.51,2008-01-01 13:46:41.960,111.57,0
Strategy-111.54,13100,600,10000,372,111.51,2008-01-01 13:46:41.960,375,111.57,2008-01-01 13:49:48.471,111.57,0
Strategy-111.565,13500,500,10000,366,111.54,2008-01-01 13:39:04.562,376,111.59,2008-01-01 13:50:13.607,111.59,0
Strategy-111.59,12200,800,10000,366,111.54,2008-01-01 13:39:04.562,376,111.62,2008-01-01 13:50:47.839,111.62,0
ScalpingController,31099.999999998,3800,20000,366,111.43,2008-01-01 13:39:04.562,376,111.62,2008-01-01 13:50:47.839,111.62,0
Strategy-111.615,11700,600,10000,361,111.59,2008-01-01 13:34:45.358,378,111.65,2008-01-01 13:52:50.308,111.65,0
Strategy-111.64,12400,600,10000,361,111.61,2008-01-01 13:34:22.185,380,111.67,2008-01-01 13:54:23.548,111.67,0
Strategy-111.64,13000,600,-10000,380,111.67,2008-01-01 13:54:23.548,384,111.61,2008-01-01 13:58:25.291,111.67,0
Strategy-111.615,12300,600,-10000,378,111.65,2008-01-01 13:52:50.308,385,111.59,2008-01-01 13:59:41.547,111.65,0
ScalpingController,33499.999999998,2400,-20000,378,111.71,2008-01-01 13:52:50.308,385,111.59,2008-01-01 13:59:41.547,111.67,0
Strategy-111.59,12800,600,-10000,376,111.62,2008-01-01 13:50:47.839,385,111.56,2008-01-01 13:59:52.609,111.62,0
Strategy-111.565,14100,600,-10000,376,111.59,2008-01-01 13:50:13.607,387,111.53,2008-01-01 14:01:04.968,111.59,0
Strategy-111.565,14700,600,10000,387,111.53,2008-01-01 14:01:04.968,403,111.59,2008-01-01 14:17:58.679,111.59,0
Strategy-111.59,13400,600,10000,385,111.56,2008-01-01 13:59:52.609,404,111.62,2008-01-01 14:18:36.837,111.62,0
ScalpingController,35899.999999998,2400,20000,385,111.5,2008-01-01 13:59:52.609,404,111.62,2008-01-01 14:18:36.837,111.62,0
Strategy-111.615,12800,500,10000,385,111.59,2008-01-01 13:59:41.547,405,111.64,2008-01-01 14:19:17.952,111.64,0
Strategy-111.64,13600,600,10000,384,111.61,2008-01-01 13:58:25.291,405,111.67,2008-01-01 14:19:55.113,111.67,0
Strategy-111.665,13800,600,10000,359,111.64,2008-01-01 13:32:35.457,406,111.7,2008-01-01 14:20:15.171,111.7,0
Strategy-111.69,14500,800,10000,359,111.65,2008-01-01 13:32:22.396,406,111.73,2008-01-01 14:20:48.378,111.73,0
Strategy-111.715,13500,700,10000,357,111.68,2008-01-01 13:30:55.951,407,111.75,2008-01-01 14:21:34.650,111.75,0
Strategy-111.715,14100,600,-10000,407,111.75,2008-01-01 14:21:34.650,410,111.69,2008-01-01 14:24:14.221,111.75,0
Strategy-111.69,15200,700,-10000,406,111.73,2008-01-01 14:20:48.378,412,111.66,2008-01-01 14:26:28.635,111.73,0
Strategy-111.665,14400,600,-10000,406,111.7,2008-01-01 14:20:15.171,415,111.64,2008-01-01 14:29:01.115,111.7,0
Strategy-111.64,14200,600,-10000,405,111.67,2008-01-01 14:19:55.113,416,111.61,2008-01-01 14:30:00.316,111.67,0
Strategy-111.59,14100,700,-10000,404,111.62,2008-01-01 14:18:36.837,417,111.55,2008-01-01 14:31:05.635,111.62,0
Strategy-111.615,13700,900,-10000,405,111.64,2008-01-01 14:19:17.952,417,111.55,2008-01-01 14:31:05.635,111.64,0
ScalpingController,42699.999999998,6800,-20000,405,111.89,2008-01-01 14:19:17.952,417,111.55,2008-01-01 14:31:05.635,111.73,0
Strategy-111.565,15200,500,-10000,403,111.59,2008-01-01 14:17:58.679,426,111.54,2008-01-01 14:41:40.607,111.59,0
Strategy-111.565,15700,500,10000,426,111.54,2008-01-01 14:41:40.607,431,111.59,2008-01-01 14:46:06.216,111.59,0
Strategy-111.59,14800,700,10000,417,111.55,2008-01-01 14:31:05.635,434,111.62,2008-01-01 14:49:14.709,111.62,0
ScalpingController,45099.999999998,2400,20000,417,111.5,2008-01-01 14:31:05.635,434,111.62,2008-01-01 14:49:14.709,111.62,0
Strategy-111.615,14600,900,10000,417,111.55,2008-01-01 14:31:05.635,450,111.64,2008-01-01 15:10:24.732,111.64,0
Strategy-111.64,14800,600,10000,416,111.61,2008-01-01 14:30:00.316,452,111.67,2008-01-01 15:12:23.185,111.67,0
Strategy-111.665,14900,500,10000,415,111.64,2008-01-01 14:29:01.115,453,111.69,2008-01-01 15:13:21.442,111.69,0
Strategy-111.69,15800,600,10000,412,111.66,2008-01-01 14:26:28.635,461,111.72,2008-01-01 15:21:03.903,111.72,0
Strategy-111.69,16400,600,-10000,461,111.72,2008-01-01 15:21:03.903,464,111.66,2008-01-01 15:24:14.657,111.72,0
Strategy-111.665,15500,600,-10000,453,111.69,2008-01-01 15:13:21.442,479,111.63,2008-01-01 15:40:10.738,111.69,0
Strategy-111.64,15400,600,-10000,452,111.67,2008-01-01 15:12:23.185,482,111.61,2008-01-01 15:43:49.550,111.67,0
Strategy-111.64,16000,600,10000,482,111.61,2008-01-01 15:43:49.550,488,111.67,2008-01-01 15:50:39.614,111.67,0
Strategy-111.64,16600,600,-10000,488,111.67,2008-01-01 15:50:39.614,504,111.61,2008-01-01 16:06:46.203,111.67,0
Strategy-111.615,15100,500,-10000,450,111.64,2008-01-01 15:10:24.732,506,111.59,2008-01-01 16:08:24.632,111.64,0
ScalpingController,50899.999999998,5800,-20000,450,111.88,2008-01-01 15:10:24.732,506,111.59,2008-01-01 16:08:24.632,111.71,0
Strategy-111.615,15600,500,10000,506,111.59,2008-01-01 16:08:24.632,509,111.64,2008-01-01 16:11:02.278,111.64,0
Strategy-111.64,17200,600,10000,504,111.61,2008-01-01 16:06:46.203,513,111.67,2008-01-01 16:15:32.974,111.67,0
Strategy-111.665,16100,600,10000,479,111.63,2008-01-01 15:40:10.738,514,111.69,2008-01-01 16:16:19.148,111.69,0
Strategy-111.665,16600,500,-10000,514,111.69,2008-01-01 16:16:19.148,517,111.64,2008-01-01 16:20:55.164,111.69,0
Strategy-111.64,17800,600,-10000,513,111.67,2008-01-01 16:15:32.974,518,111.61,2008-01-01 16:21:29.274,111.67,0
Strategy-111.615,16100,500,-10000,509,111.64,2008-01-01 16:11:02.278,524,111.59,2008-01-01 16:27:19.413,111.64,0
ScalpingController,54099.999999998,3200,-20000,509,111.75,2008-01-01 16:11:02.278,524,111.59,2008-01-01 16:27:19.413,111.68,0
Strategy-111.59,15400,600,-10000,434,111.62,2008-01-01 14:49:14.709,529,111.56,2008-01-01 16:32:20.151,111.62,0
Strategy-111.565,16200,500,-10000,431,111.59,2008-01-01 14:46:06.216,544,111.54,2008-01-01 16:51:21.272,111.59,0
Strategy-111.54,13700,600,-10000,375,111.57,2008-01-01 13:49:48.471,548,111.51,2008-01-01 16:55:46.092,111.57,0
Strategy-111.515,11000,500,-10000,284,111.54,2008-01-01 12:14:29.710,549,111.49,2008-01-01 16:56:46.419,111.54,0
Strategy-111.49,11400,600,-10000,281,111.52,2008-01-01 12:11:32.354,550,111.46,2008-01-01 16:57:38.585,111.52,0
Strategy-111.44,13900,600,-10000,278,111.47,2008-01-01 12:08:02.875,550,111.41,2008-01-01 16:57:52.680,111.47,0
Strategy-111.465,11300,800,-10000,278,111.49,2008-01-01 12:08:38.981,550,111.41,2008-01-01 16:57:52.680,111.49,0
Strategy-111.415,12700,500,-10000,264,111.44,2008-01-01 11:52:44.420,551,111.39,2008-01-01 16:58:22.893,111.44,0
Strategy-111.415,13200,500,10000,551,111.39,2008-01-01 16:58:22.893,552,111.44,2008-01-01 16:59:44.368,111.44,0
Strategy-111.415,13700,500,-10000,552,111.44,2008-01-01 16:59:44.368,553,111.39,2008-01-01 17:00:30.673,111.44,0
Strategy-111.415,14200,500,10000,553,111.39,2008-01-01 17:00:30.673,555,111.44,2008-01-01 17:02:21.121,111.44,0
Strategy-111.415,14700,500,-10000,555,111.44,2008-01-01 17:02:21.121,557,111.39,2008-01-01 17:04:54.695,111.44,0
Strategy-111.415,15200,500,10000,557,111.39,2008-01-01 17:04:54.695,565,111.44,2008-01-01 17:12:16.244,111.44,0
Strategy-111.44,14500,600,10000,550,111.41,2008-01-01 16:57:52.680,568,111.47,2008-01-01 17:15:57.897,111.47,0
Strategy-111.465,12100,800,10000,550,111.41,2008-01-01 16:57:52.680,570,111.49,2008-01-01 17:17:07.122,111.49,0
Strategy-111.49,12000,600,10000,550,111.46,2008-01-01 16:57:38.585,572,111.52,2008-01-01 17:19:37.678,111.52,0
Strategy-111.515,11500,500,10000,549,111.49,2008-01-01 16:56:46.419,573,111.54,2008-01-01 17:20:00.790,111.54,0
Strategy-111.515,12100,600,-10000,573,111.54,2008-01-01 17:20:00.790,576,111.48,2008-01-01 17:23:45.522,111.54,0
Strategy-111.515,12700,600,10000,576,111.48,2008-01-01 17:23:45.522,581,111.54,2008-01-01 17:28:52.314,111.54,0
Strategy-111.54,14300,600,10000,548,111.51,2008-01-01 16:55:46.092,583,111.57,2008-01-01 17:30:19.607,111.57,0
Strategy-111.54,14900,600,-10000,583,111.57,2008-01-01 17:30:19.607,587,111.51,2008-01-01 17:34:16.198,111.57,0
Strategy-111.515,13300,600,-10000,581,111.54,2008-01-01 17:28:52.314,589,111.48,2008-01-01 17:36:23.485,111.54,0
Strategy-111.49,12600,600,-10000,572,111.52,2008-01-01 17:19:37.678,590,111.46,2008-01-01 17:37:31.737,111.52,0
Strategy-111.49,13200,600,10000,590,111.46,2008-01-01 17:37:31.737,596,111.52,2008-01-01 17:43:08.839,111.52,0
Strategy-111.49,13800,600,-10000,596,111.52,2008-01-01 17:43:08.839,605,111.46,2008-01-01 17:52:37.628,111.52,0
Strategy-111.465,12600,500,-10000,570,111.49,2008-01-01 17:17:07.122,606,111.44,2008-01-01 17:53:16.745,111.49,0
Strategy-111.44,15100,600,-10000,568,111.47,2008-01-01 17:15:57.897,611,111.41,2008-01-01 17:59:18.647,111.47,0
Strategy-111.415,15700,500,-10000,565,111.44,2008-01-01 17:12:16.244,612,111.39,2008-01-01 18:00:48.025,111.44,0
Strategy-111.415,16200,500,10000,612,111.39,2008-01-01 18:00:48.025,619,111.44,2008-01-01 18:07:00.425,111.44,0
Strategy-111.44,15700,600,10000,611,111.41,2008-01-01 17:59:18.647,624,111.47,2008-01-01 18:12:15.807,111.47,0
Strategy-111.465,13100,500,10000,606,111.44,2008-01-01 17:53:16.745,624,111.49,2008-01-01 18:12:34.881,111.49,0
Strategy-111.49,14400,600,10000,605,111.46,2008-01-01 17:52:37.628,626,111.52,2008-01-01 18:14:06.446,111.52,0
Strategy-111.515,13900,600,10000,589,111.48,2008-01-01 17:36:23.485,628,111.54,2008-01-01 18:16:16.430,111.54,0
Strategy-111.515,14400,500,-10000,628,111.54,2008-01-01 18:16:16.430,634,111.49,2008-01-01 18:22:22.631,111.54,0
Strategy-111.49,15000,600,-10000,626,111.52,2008-01-01 18:14:06.446,636,111.46,2008-01-01 18:24:50.268,111.52,0
Strategy-111.49,15700,700,10000,636,111.46,2008-01-01 18:24:50.268,643,111.53,2008-01-01 18:32:10.954,111.53,0
Strategy-111.515,15100,700,10000,634,111.49,2008-01-01 18:22:22.631,643,111.56,2008-01-01 18:32:32.080,111.56,0
Strategy-111.54,15500,600,10000,587,111.51,2008-01-01 17:34:16.198,644,111.57,2008-01-01 18:33:56.447,111.57,0
Strategy-111.565,16800,600,10000,544,111.54,2008-01-01 16:51:21.272,645,111.6,2008-01-01 18:34:49.684,111.6,0
Strategy-111.565,17400,600,-10000,645,111.6,2008-01-01 18:34:49.684,654,111.54,2008-01-01 18:43:30.844,111.6,0
Strategy-111.565,17900,500,10000,654,111.54,2008-01-01 18:43:30.844,666,111.59,2008-01-01 18:55:14.170,111.59,0
Strategy-111.59,16100,700,10000,529,111.56,2008-01-01 16:32:20.151,669,111.63,2008-01-01 18:59:12.036,111.63,0
ScalpingController,78899.999999998,24800,20000,529,110.39,2008-01-01 16:32:20.151,669,111.63,2008-01-01 18:59:12.036,111.63,0
Strategy-111.615,16800,700,10000,524,111.59,2008-01-01 16:27:19.413,669,111.66,2008-01-01 18:59:54.286,111.66,0
Strategy-111.64,18400,600,10000,518,111.61,2008-01-01 16:21:29.274,671,111.67,2008-01-01 19:01:43.112,111.67,0
Strategy-111.64,19000,600,-10000,671,111.67,2008-01-01 19:01:43.112,674,111.61,2008-01-01 19:04:40.105,111.67,0
Strategy-111.615,17500,700,-10000,669,111.66,2008-01-01 18:59:54.286,675,111.59,2008-01-01 19:05:05.225,111.66,0
ScalpingController,81499.999999998,2600,-20000,669,111.72,2008-01-01 18:59:54.286,675,111.59,2008-01-01 19:05:05.225,111.67,0
Strategy-111.59,16800,700,-10000,669,111.63,2008-01-01 18:59:12.036,685,111.56,2008-01-01 19:16:53.095,111.63,0
Strategy-111.565,18400,500,-10000,666,111.59,2008-01-01 18:55:14.170,686,111.54,2008-01-01 19:17:43.254,111.59,0
Strategy-111.54,16200,700,-10000,644,111.57,2008-01-01 18:33:56.447,687,111.5,2008-01-01 19:18:18.370,111.57,0
Strategy-111.515,15800,700,-10000,643,111.56,2008-01-01 18:32:32.080,687,111.49,2008-01-01 19:18:43.436,111.56,0
Strategy-111.465,13600,500,-10000,624,111.49,2008-01-01 18:12:34.881,690,111.44,2008-01-01 19:21:35.091,111.49,0
Strategy-111.49,16600,900,-10000,643,111.53,2008-01-01 18:32:10.954,690,111.44,2008-01-01 19:21:35.091,111.53,0
Strategy-111.44,16400,700,-10000,624,111.47,2008-01-01 18:12:15.807,691,111.4,2008-01-01 19:22:06.226,111.47,0
Strategy-111.415,16800,600,-10000,619,111.44,2008-01-01 18:07:00.425,691,111.38,2008-01-01 19:22:13.263,111.44,0
Strategy-111.39,11300,600,-10000,214,111.42,2008-01-01 10:55:27.509,692,111.36,2008-01-01 19:23:45.717,111.42,0
Strategy-111.365,11000,500,-10000,213,111.39,2008-01-01 10:54:48.397,692,111.34,2008-01-01 19:23:56.784,111.39,0
Strategy-111.34,11400,1400,-10000,210,111.37,2008-01-01 10:51:59.020,694,111.23,2008-01-01 19:25:02.376,111.37,0
Strategy-111.865,2700,-7300,10000,335,111.84,2008-01-01 13:08:29.742,700,111.11,2008-01-01 19:31:33.483,111.84,0
Strategy-111.84,4400,-7200,10000,337,111.81,2008-01-01 13:10:12.321,701,111.09,2008-01-01 19:32:13.747,111.81,0
Strategy-111.815,5200,-7400,10000,337,111.78,2008-01-01 13:10:46.454,701,111.04,2008-01-01 19:32:27.852,111.78,0
Strategy-111.79,6000,-7100,10000,348,111.75,2008-01-01 13:21:18.950,701,111.04,2008-01-01 19:32:27.852,111.75,0
Strategy-111.115,10500,500,-10000,703,111.14,2008-01-01 19:34:37.878,706,111.09,2008-01-01 19:37:16.890,111.14,0
Strategy-111.09,10800,800,10000,707,111.04,2008-01-01 19:38:38.365,710,111.12,2008-01-01 19:41:50.380,111.12,0
Strategy-111.115,11000,500,10000,706,111.09,2008-01-01 19:37:16.890,711,111.14,2008-01-01 19:42:35.738,111.14,0
Strategy-111.14,11300,1300,10000,702,111.08,2008-01-01 19:33:17.279,712,111.21,2008-01-01 19:43:13.016,111.21,0
Strategy-111.165,11100,1100,10000,701,111.1,2008-01-01 19:32:08.721,712,111.21,2008-01-01 19:43:13.016,111.21,0
Strategy-111.165,11800,700,-10000,712,111.21,2008-01-01 19:43:13.016,715,111.14,2008-01-01 19:46:55.148,111.21,0
Strategy-111.14,12300,1000,-10000,712,111.21,2008-01-01 19:43:13.016,717,111.11,2008-01-01 19:48:22.584,111.21,0
Strategy-111.115,11700,700,-10000,711,111.14,2008-01-01 19:42:35.738,718,111.07,2008-01-01 19:49:11.856,111.14,0
Strategy-111.065,10600,600,-10000,708,111.09,2008-01-01 19:39:55.776,727,111.03,2008-01-01 19:58:06.917,111.09,0
Strategy-111.09,11700,900,-10000,710,111.12,2008-01-01 19:41:50.380,727,111.03,2008-01-01 19:58:06.917,111.12,0
Strategy-111.765,6400,-7300,10000,352,111.74,2008-01-01 13:25:13.735,727,111.01,2008-01-01 19:58:28.077,111.74,0
Strategy-111.065,11200,600,10000,727,111.03,2008-01-01 19:58:06.917,729,111.09,2008-01-01 20:00:00.702,111.09,0
Strategy-111.04,11800,1800,-10000,728,111.07,2008-01-01 19:59:52.645,729,110.89,2008-01-01 20:00:24.092,111.07,0
Strategy-111.64,11800,-7200,10000,674,111.61,2008-01-01 19:04:40.105,729,110.89,2008-01-01 20:00:24.092,111.61,0
Strategy-111.665,9100,-7500,10000,517,111.64,2008-01-01 16:20:55.164,729,110.89,2008-01-01 20:00:24.092,111.64,0
Strategy-111.69,8700,-7700,10000,464,111.66,2008-01-01 15:24:14.657,729,110.89,2008-01-01 20:00:24.092,111.66,0
Strategy-111.715,6100,-8000,10000,410,111.69,2008-01-01 14:24:14.221,729,110.89,2008-01-01 20:00:24.092,111.69,0
Strategy-111.74,5800,-8200,10000,356,111.71,2008-01-01 13:29:48.657,729,110.89,2008-01-01 20:00:24.092,111.71,0
Strategy-111.065,13500,2300,-10000,729,111.09,2008-01-01 20:00:00.702,730,110.86,2008-01-01 20:01:01.604,111.09,0
Strategy-111.615,10200,-7300,10000,675,111.59,2008-01-01 19:05:05.225,730,110.86,2008-01-01 20:01:01.604,111.59,0
Strategy-111.54,9000,-7200,10000,687,111.5,2008-01-01 19:18:18.370,730,110.78,2008-01-01 20:01:19.783,111.5,0
Strategy-111.565,10800,-7600,10000,686,111.54,2008-01-01 19:17:43.254,730,110.78,2008-01-01 20:01:19.783,111.54,0
Strategy-111.59,9000,-7800,10000,685,111.56,2008-01-01 19:16:53.095,730,110.78,2008-01-01 20:01:19.783,111.56,0
Strategy-111.44,9300,-7100,10000,691,111.4,2008-01-01 19:22:06.226,730,110.69,2008-01-01 20:01:34.947,111.4,0
Strategy-111.465,6100,-7500,10000,690,111.44,2008-01-01 19:21:35.091,730,110.69,2008-01-01 20:01:34.947,111.44,0
Strategy-111.49,9100,-7500,10000,690,111.44,2008-01-01 19:21:35.091,730,110.69,2008-01-01 20:01:34.947,111.44,0
Strategy-111.515,7800,-8000,10000,687,111.49,2008-01-01 19:18:43.436,730,110.69,2008-01-01 20:01:34.947,111.49,0
Strategy-111.415,9600,-7200,10000,691,111.38,2008-01-01 19:22:13.263,735,110.66,2008-01-01 20:06:12.786,111.38,0
Strategy-111.29,3600,-6400,10000,696,111.17,2008-01-01 19:27:26.559,736,110.53,2008-01-01 20:07:00.279,111.17,0
Strategy-111.315,3100,-6900,10000,695,111.22,2008-01-01 19:26:01.900,736,110.53,2008-01-01 20:07:00.279,111.22,0
Strategy-111.34,4400,-7000,10000,694,111.23,2008-01-01 19:25:02.376,736,110.53,2008-01-01 20:07:00.279,111.23,0
Strategy-111.365,2900,-8100,10000,692,111.34,2008-01-01 19:23:56.784,736,110.53,2008-01-01 20:07:00.279,111.34,0
Strategy-111.39,3000,-8300,10000,692,111.36,2008-01-01 19:23:45.717,736,110.53,2008-01-01 20:07:00.279,111.36,0
Strategy-111.265,3700,-6300,10000,697,111.14,2008-01-01 19:28:32.087,740,110.51,2008-01-01 20:11:25.814,111.14,0
Strategy-111.24,3300,-6700,10000,698,111.15,2008-01-01 19:29:02.340,750,110.48,2008-01-01 20:21:00.417,111.15,0
Strategy-110.515,10600,600,10000,750,110.48,2008-01-01 20:21:00.417,755,110.54,2008-01-01 20:26:05.371,110.54,0
Strategy-110.54,10600,600,10000,749,110.51,2008-01-01 20:20:14.061,755,110.57,2008-01-01 20:26:51.694,110.57,0
Strategy-110.565,10800,800,10000,748,110.51,2008-01-01 20:19:34.692,756,110.59,2008-01-01 20:27:11.783,110.59,0
Strategy-110.565,11300,500,-10000,756,110.59,2008-01-01 20:27:11.783,759,110.54,2008-01-01 20:30:25.050,110.59,0
Strategy-110.54,11200,600,-10000,755,110.57,2008-01-01 20:26:51.694,759,110.51,2008-01-01 20:30:40.157,110.57,0
Strategy-110.515,11100,500,-10000,755,110.54,2008-01-01 20:26:05.371,762,110.49,2008-01-01 20:33:20.138,110.54,0
Strategy-110.49,12800,2800,-10000,751,110.52,2008-01-01 20:22:10.932,764,110.24,2008-01-01 20:35:35.051,110.52,0
Strategy-110.99,5600,-4400,10000,731,110.68,2008-01-01 20:02:28.533,764,110.24,2008-01-01 20:35:35.051,110.68,0
Strategy-111.015,3800,-6200,10000,730,110.86,2008-01-01 20:01:01.604,764,110.24,2008-01-01 20:35:35.051,110.86,0
Strategy-111.04,5300,-6500,10000,729,110.89,2008-01-01 20:00:24.092,764,110.24,2008-01-01 20:35:35.051,110.89,0
Strategy-111.065,7300,-6200,10000,730,110.86,2008-01-01 20:01:01.604,764,110.24,2008-01-01 20:35:35.051,110.86,0
Strategy-111.09,3800,-7900,10000,727,111.03,2008-01-01 19:58:06.917,764,110.24,2008-01-01 20:35:35.051,111.03,0
Strategy-111.115,3400,-8300,10000,718,111.07,2008-01-01 19:49:11.856,764,110.24,2008-01-01 20:35:35.051,111.07,0
Strategy-111.14,3600,-8700,10000,717,111.11,2008-01-01 19:48:22.584,764,110.24,2008-01-01 20:35:35.051,111.11,0
Strategy-111.165,2800,-9000,10000,715,111.14,2008-01-01 19:46:55.148,764,110.24,2008-01-01 20:35:35.051,111.14,0
Strategy-111.19,1200,-8800,10000,700,111.12,2008-01-01 19:31:28.465,764,110.24,2008-01-01 20:35:35.051,111.12,0
Strategy-111.215,900,-9100,10000,699,111.15,2008-01-01 19:30:10.877,764,110.24,2008-01-01 20:35:35.051,111.15,0
Strategy-110.84,5000,-5000,10000,737,110.59,2008-01-01 20:08:27.129,765,110.09,2008-01-01 20:37:24.100,110.59,0
Strategy-110.865,5600,-4400,10000,736,110.53,2008-01-01 20:07:00.279,765,110.09,2008-01-01 20:37:24.100,110.53,0
Strategy-110.89,4100,-5900,10000,735,110.68,2008-01-01 20:06:02.701,765,110.09,2008-01-01 20:37:24.100,110.68,0
Strategy-110.915,3800,-6200,10000,734,110.71,2008-01-01 20:05:05.144,765,110.09,2008-01-01 20:37:24.100,110.71,0
Strategy-110.94,4100,-5900,10000,733,110.68,2008-01-01 20:04:17.679,765,110.09,2008-01-01 20:37:24.100,110.68,0
Strategy-110.965,3300,-6700,10000,732,110.76,2008-01-01 20:03:24.143,765,110.09,2008-01-01 20:37:24.100,110.76,0
Strategy-110.215,10600,600,-10000,775,110.24,2008-01-01 20:47:44.812,777,110.18,2008-01-01 20:49:39.692,110.24,0
Strategy-110.74,4600,-5400,10000,741,110.51,2008-01-01 20:12:07.223,779,109.97,2008-01-01 20:51:31.891,110.51,0
Strategy-110.765,4400,-5600,10000,740,110.53,2008-01-01 20:11:04.603,779,109.97,2008-01-01 20:51:31.891,110.53,0
Strategy-110.79,4100,-5900,10000,739,110.56,2008-01-01 20:10:03.989,779,109.97,2008-01-01 20:51:31.891,110.56,0
Strategy-110.815,4400,-5600,10000,738,110.53,2008-01-01 20:09:02.462,779,109.97,2008-01-01 20:51:31.891,110.53,0
Strategy-110.715,3900,-6100,10000,742,110.57,2008-01-01 20:13:00.613,780,109.96,2008-01-01 20:52:23.402,110.57,0
Strategy-110.69,3400,-6600,10000,743,110.58,2008-01-01 20:14:12.172,781,109.92,2008-01-01 20:53:06.816,110.58,0
Strategy-110.665,3400,-6600,10000,744,110.56,2008-01-01 20:15:01.638,781,109.9,2008-01-01 20:53:13.878,110.56,0
Strategy-110.64,3500,-6500,10000,745,110.54,2008-01-01 20:16:31.378,781,109.89,2008-01-01 20:53:34.094,110.54,0
Strategy-110.565,4000,-7300,10000,759,110.54,2008-01-01 20:30:25.050,783,109.81,2008-01-01 20:55:17.086,110.54,0
Strategy-110.59,2600,-7400,10000,747,110.55,2008-01-01 20:18:10.117,783,109.81,2008-01-01 20:55:17.086,110.55,0
Strategy-110.615,3000,-7000,10000,746,110.51,2008-01-01 20:17:01.643,783,109.81,2008-01-01 20:55:17.086,110.51,0
Strategy-110.49,7800,-5000,10000,764,110.24,2008-01-01 20:35:35.051,783,109.74,2008-01-01 20:55:44.330,110.24,0
Strategy-110.515,3600,-7500,10000,762,110.49,2008-01-01 20:33:20.138,783,109.74,2008-01-01 20:55:44.330,110.49,0
Strategy-110.54,3500,-7700,10000,759,110.51,2008-01-01 20:30:40.157,783,109.74,2008-01-01 20:55:44.330,110.51,0
Strategy-110.29,3100,-6900,10000,772,110.21,2008-01-01 20:44:07.096,784,109.52,2008-01-01 20:56:29.966,110.21,0
Strategy-110.315,3200,-6800,10000,771,110.2,2008-01-01 20:43:00.623,784,109.52,2008-01-01 20:56:29.966,110.2,0
Strategy-110.34,3000,-7000,10000,770,110.22,2008-01-01 20:42:07.254,784,109.52,2008-01-01 20:56:29.966,110.22,0
Strategy-110.365,3200,-6800,10000,769,110.2,2008-01-01 20:41:08.932,784,109.52,2008-01-01 20:56:29.966,110.2,0
Strategy-110.39,3800,-6200,10000,768,110.14,2008-01-01 20:40:03.450,784,109.52,2008-01-01 20:56:29.966,110.14,0
Strategy-110.415,3400,-6600,10000,767,110.18,2008-01-01 20:39:02.072,784,109.52,2008-01-01 20:56:29.966,110.18,0
Strategy-110.44,3600,-6400,10000,766,110.16,2008-01-01 20:38:08.551,784,109.52,2008-01-01 20:56:29.966,110.16,0
Strategy-110.465,4300,-5700,10000,765,110.09,2008-01-01 20:37:24.100,784,109.52,2008-01-01 20:56:29.966,110.09,0
Strategy-109.64,10600,600,10000,802,109.61,2008-01-01 21:14:37.612,804,109.67,2008-01-01 21:16:08.299,109.67,0
Strategy-109.64,11200,600,-10000,804,109.67,2008-01-01 21:16:08.299,808,109.61,2008-01-01 21:20:50.235,109.67,0
Strategy-109.615,10700,700,-10000,803,109.65,2008-01-01 21:15:24.967,809,109.58,2008-01-01 21:21:21.387,109.65,0
Strategy-109.565,10600,600,10000,811,109.53,2008-01-01 21:23:27.624,812,109.59,2008-01-01 21:24:26.032,109.59,0
Strategy-109.59,10600,600,10000,810,109.56,2008-01-01 21:22:07.728,813,109.62,2008-01-01 21:25:14.456,109.62,0
Strategy-109.615,11500,800,10000,809,109.58,2008-01-01 21:21:21.387,813,109.66,2008-01-01 21:25:43.742,109.66,0
Strategy-109.64,11800,600,10000,808,109.61,2008-01-01 21:20:50.235,813,109.67,2008-01-01 21:25:49.789,109.67,0
Strategy-109.665,10600,600,10000,801,109.63,2008-01-01 21:13:08.107,814,109.69,2008-01-01 21:26:21.982,109.69,0
Strategy-109.69,10700,700,10000,800,109.66,2008-01-01 21:12:41.896,815,109.73,2008-01-01 21:27:13.328,109.73,0
Strategy-109.715,10800,800,10000,797,109.66,2008-01-01 21:09:08.264,816,109.74,2008-01-01 21:28:10.770,109.74,0
Strategy-109.74,11700,1700,10000,796,109.64,2008-01-01 21:08:08.829,817,109.81,2008-01-01 21:29:14.157,109.81,0
Strategy-109.765,11500,1500,10000,795,109.66,2008-01-01 21:07:00.292,817,109.81,2008-01-01 21:29:14.157,109.81,0
Strategy-109.765,12300,800,-10000,817,109.81,2008-01-01 21:29:14.157,820,109.73,2008-01-01 21:32:06.265,109.81,0
Strategy-109.765,13000,700,10000,820,109.73,2008-01-01 21:32:06.265,830,109.8,2008-01-01 21:42:50.062,109.8,0
Strategy-109.79,11400,1400,10000,794,109.68,2008-01-01 21:06:15.940,830,109.82,2008-01-01 21:42:57.115,109.82,0
Strategy-109.79,12000,600,-10000,830,109.82,2008-01-01 21:42:57.115,831,109.76,2008-01-01 21:43:38.401,109.82,0
Strategy-109.765,13600,600,-10000,830,109.8,2008-01-01 21:42:50.062,837,109.74,2008-01-01 21:49:44.195,109.8,0
Strategy-109.715,11500,700,-10000,816,109.74,2008-01-01 21:28:10.770,838,109.67,2008-01-01 21:50:46.585,109.74,0
Strategy-109.74,13100,1400,-10000,817,109.81,2008-01-01 21:29:14.157,838,109.67,2008-01-01 21:50:46.585,109.81,0
Strategy-109.69,11400,700,-10000,815,109.73,2008-01-01 21:27:13.328,838,109.66,2008-01-01 21:50:54.624,109.73,0
Strategy-109.69,12000,600,10000,838,109.66,2008-01-01 21:50:54.624,840,109.72,2008-01-01 21:52:48.534,109.72,0
Strategy-109.715,12200,700,10000,838,109.67,2008-01-01 21:50:46.585,843,109.74,2008-01-01 21:55:27.687,109.74,0
Strategy-109.715,12700,500,-10000,843,109.74,2008-01-01 21:55:27.687,848,109.69,2008-01-01 22:00:40.524,109.74,0
Strategy-109.665,11300,700,-10000,814,109.69,2008-01-01 21:26:21.982,850,109.62,2008-01-01 22:02:25.946,109.69,0
Strategy-109.69,13000,1000,-10000,840,109.72,2008-01-01 21:52:48.534,850,109.62,2008-01-01 22:02:25.946,109.72,0
Strategy-109.64,12400,600,-10000,813,109.67,2008-01-01 21:25:49.789,850,109.61,2008-01-01 22:02:30.970,109.67,0
Strategy-109.615,12200,700,-10000,813,109.66,2008-01-01 21:25:43.742,855,109.59,2008-01-01 22:07:02.077,109.66,0
Strategy-109.59,11200,600,-10000,813,109.62,2008-01-01 21:25:14.456,855,109.56,2008-01-01 22:07:30.234,109.62,0
Strategy-109.59,11900,700,10000,855,109.56,2008-01-01 22:07:30.234,856,109.63,2008-01-01 22:08:59.813,109.63,0
Strategy-109.615,12700,500,10000,855,109.59,2008-01-01 22:07:02.077,858,109.64,2008-01-01 22:10:45.367,109.64,0
Strategy-109.615,13400,700,-10000,858,109.64,2008-01-01 22:10:45.367,863,109.57,2008-01-01 22:15:35.584,109.64,0
Strategy-109.565,11100,500,-10000,812,109.59,2008-01-01 21:24:26.032,863,109.54,2008-01-01 22:15:57.703,109.59,0
Strategy-109.59,12800,900,-10000,856,109.63,2008-01-01 22:08:59.813,863,109.54,2008-01-01 22:15:57.703,109.63,0
Strategy-109.539999999999,11100,1100,-10000,812,109.59,2008-01-01 21:24:26.032,865,109.48,2008-01-01 22:17:08.052,109.59,0
Strategy-110.24,2700,-7300,10000,774,110.21,2008-01-01 20:46:13.999,865,109.48,2008-01-01 22:17:08.052,110.21,0
Strategy-110.265,2700,-7300,10000,773,110.21,2008-01-01 20:45:08.506,865,109.48,2008-01-01 22:17:08.052,110.21,0
Strategy-110.14,4200,-5800,10000,780,109.96,2008-01-01 20:52:23.402,865,109.38,2008-01-01 22:17:21.174,109.96,0
Strategy-110.165,4100,-5900,10000,779,109.97,2008-01-01 20:51:31.891,865,109.38,2008-01-01 22:17:21.174,109.97,0
Strategy-110.19,2400,-7600,10000,778,110.14,2008-01-01 20:50:05.921,865,109.38,2008-01-01 22:17:21.174,110.14,0
Strategy-110.215,2600,-8000,10000,777,110.18,2008-01-01 20:49:39.692,865,109.38,2008-01-01 22:17:21.174,110.18,0
Strategy-110.09,4400,-5600,10000,782,109.9,2008-01-01 20:54:02.385,865,109.34,2008-01-01 22:17:55.457,109.9,0
Strategy-110.115,4200,-5800,10000,781,109.92,2008-01-01 20:53:06.816,865,109.34,2008-01-01 22:17:55.457,109.92,0
Strategy-110.065,5000,-5000,10000,783,109.81,2008-01-01 20:55:17.086,866,109.31,2008-01-01 22:18:52.841,109.81,0
Strategy-109.389999999999,10900,900,10000,871,109.34,2008-01-01 22:23:09.418,875,109.43,2008-01-01 22:27:33.603,109.43,0
Strategy-109.414999999999,10500,500,10000,870,109.39,2008-01-01 22:22:10.031,875,109.44,2008-01-01 22:27:39.639,109.44,0
Strategy-109.414999999999,11000,500,-10000,875,109.44,2008-01-01 22:27:39.639,883,109.39,2008-01-01 22:35:42.400,109.44,0
Strategy-109.414999999999,11500,500,10000,883,109.39,2008-01-01 22:35:42.400,887,109.44,2008-01-01 22:39:09.292,109.44,0
Strategy-109.439999999999,10800,800,10000,869,109.4,2008-01-01 22:21:12.744,888,109.48,2008-01-01 22:40:16.520,109.48,0
Strategy-109.464999999999,11400,1400,10000,868,109.35,2008-01-01 22:20:00.250,891,109.49,2008-01-01 22:44:05.357,109.49,0
Strategy-109.464999999999,11900,500,-10000,891,109.49,2008-01-01 22:44:05.357,893,109.44,2008-01-01 22:46:56.858,109.49,0
Strategy-109.439999999999,11500,700,-10000,888,109.48,2008-01-01 22:40:16.520,896,109.41,2008-01-01 22:49:07.176,109.48,0
Strategy-109.414999999999,12100,600,-10000,887,109.44,2008-01-01 22:39:09.292,899,109.38,2008-01-01 22:52:34.039,109.44,0
Strategy-109.389999999999,11700,800,-10000,875,109.43,2008-01-01 22:27:33.603,905,109.35,2008-01-01 22:59:04.005,109.43,0
Strategy-109.965,3900,-6100,10000,787,109.81,2008-01-01 20:59:06.659,924,109.2,2008-01-01 23:19:40.682,109.81,0
Strategy-109.99,4600,-5400,10000,786,109.74,2008-01-01 20:58:06.107,924,109.2,2008-01-01 23:19:40.682,109.74,0
Strategy-110.015,5500,-4500,10000,785,109.65,2008-01-01 20:57:28.720,924,109.2,2008-01-01 23:19:40.682,109.65,0
Strategy-110.04,6800,-3200,10000,784,109.52,2008-01-01 20:56:29.966,924,109.2,2008-01-01 23:19:40.682,109.52,0
Strategy-109.389999999999,12400,700,10000,905,109.35,2008-01-01 22:59:04.005,952,109.42,2008-01-01 23:47:19.510,109.42,0
Strategy-109.414999999999,12700,600,10000,899,109.38,2008-01-01 22:52:34.039,955,109.44,2008-01-01 23:50:47.224,109.44,0
Strategy-109.414999999999,13400,700,-10000,955,109.44,2008-01-01 23:50:47.224,958,109.37,2008-01-01 23:53:55.795,109.44,0
Strategy-109.389999999999,13000,600,-10000,952,109.42,2008-01-01 23:47:19.510,959,109.36,2008-01-01 23:54:50.925,109.42,0
Strategy-109.389999999999,13800,800,10000,959,109.36,2008-01-01 23:54:50.925,966,109.44,2008-01-02 00:02:20.791,109.44,0
Strategy-109.414999999999,14100,700,10000,958,109.37,2008-01-01 23:53:55.795,966,109.44,2008-01-02 00:02:20.791,109.44,0
Strategy-109.439999999999,12100,600,10000,896,109.41,2008-01-01 22:49:07.176,966,109.47,2008-01-02 00:02:42.916,109.47,0
Strategy-109.464999999999,12800,900,10000,893,109.44,2008-01-01 22:46:56.858,967,109.53,2008-01-02 00:03:05.110,109.53,0
Strategy-109.489999999999,12000,2000,10000,867,109.33,2008-01-01 22:19:00.901,967,109.53,2008-01-02 00:03:05.110,109.53,0
Strategy-109.489999999999,12800,800,-10000,967,109.53,2008-01-02 00:03:05.110,968,109.45,2008-01-02 00:04:35.588,109.53,0
Strategy-109.439999999999,12800,700,-10000,966,109.47,2008-01-02 00:02:42.916,969,109.4,2008-01-02 00:05:03.772,109.47,0
Strategy-109.464999999999,14100,1300,-10000,967,109.53,2008-01-02 00:03:05.110,969,109.4,2008-01-02 00:05:03.772,109.53,0
Strategy-109.414999999999,14600,500,-10000,966,109.44,2008-01-02 00:02:20.791,969,109.39,2008-01-02 00:05:09.808,109.44,0
Strategy-109.389999999999,14800,1000,-10000,966,109.44,2008-01-02 00:02:20.791,970,109.34,2008-01-02 00:06:07.138,109.44,0
Strategy-109.389999999999,15800,1000,10000,970,109.34,2008-01-02 00:06:07.138,971,109.44,2008-01-02 00:07:33.571,109.44,0
Strategy-109.414999999999,15100,500,10000,969,109.39,2008-01-02 00:05:09.808,971,109.44,2008-01-02 00:07:33.571,109.44,0
Strategy-109.439999999999,13600,800,10000,969,109.4,2008-01-02 00:05:03.772,971,109.48,2008-01-02 00:07:45.648,109.48,0
Strategy-109.464999999999,15000,900,10000,969,109.4,2008-01-02 00:05:03.772,972,109.49,2008-01-02 00:08:47.894,109.49,0
Strategy-109.489999999999,13600,800,10000,968,109.45,2008-01-02 00:04:35.588,974,109.53,2008-01-02 00:10:47.364,109.53,0
Strategy-109.514999999999,12000,2000,10000,866,109.34,2008-01-01 22:18:20.621,975,109.54,2008-01-02 00:11:02.453,109.54,0
Strategy-109.514999999999,12600,600,-10000,975,109.54,2008-01-02 00:11:02.453,976,109.48,2008-01-02 00:12:14.709,109.54,0
Strategy-109.514999999999,13200,600,10000,976,109.48,2008-01-02 00:12:14.709,979,109.54,2008-01-02 00:15:04.363,109.54,0
Strategy-109.539999999999,12000,900,10000,865,109.48,2008-01-01 22:17:08.052,982,109.57,2008-01-02 00:18:43.975,109.57,0
Strategy-109.565,11900,800,10000,863,109.54,2008-01-01 22:15:57.703,983,109.62,2008-01-02 00:19:22.174,109.62,0
Strategy-109.59,13600,800,10000,863,109.54,2008-01-01 22:15:57.703,983,109.62,2008-01-02 00:19:22.174,109.62,0
Strategy-109.59,14200,600,-10000,983,109.62,2008-01-02 00:19:22.174,985,109.56,2008-01-02 00:21:33.767,109.62,0
Strategy-109.565,12700,800,-10000,983,109.62,2008-01-02 00:19:22.174,986,109.54,2008-01-02 00:22:23.897,109.62,0
Strategy-109.565,13400,700,10000,986,109.54,2008-01-02 00:22:23.897,987,109.61,2008-01-02 00:23:16.057,109.61,0
Strategy-109.565,14100,700,-10000,987,109.61,2008-01-02 00:23:16.057,994,109.54,2008-01-02 00:30:37.274,109.61,0
Strategy-109.565,14600,500,10000,994,109.54,2008-01-02 00:30:37.274,996,109.59,2008-01-02 00:32:31.618,109.59,0
Strategy-109.565,15200,600,-10000,996,109.59,2008-01-02 00:32:31.618,999,109.53,2008-01-02 00:35:45.164,109.59,0
Strategy-109.539999999999,12600,600,-10000,982,109.57,2008-01-02 00:18:43.975,1001,109.51,2008-01-02 00:37:26.435,109.57,0
Strategy-109.514999999999,13700,500,-10000,979,109.54,2008-01-02 00:15:04.363,1001,109.49,2008-01-02 00:37:40.467,109.54,0
Strategy-109.489999999999,14300,700,-10000,974,109.53,2008-01-02 00:10:47.364,1002,109.46,2008-01-02 00:38:56.705,109.53,0
Strategy-109.464999999999,15600,600,-10000,972,109.49,2008-01-02 00:08:47.894,1004,109.43,2008-01-02 00:40:01.944,109.49,0
Strategy-109.439999999999,14300,700,-10000,971,109.48,2008-01-02 00:07:45.648,1007,109.41,2008-01-02 00:43:47.664,109.48,0
Strategy-109.439999999999,14900,600,10000,1007,109.41,2008-01-02 00:43:47.664,1013,109.47,2008-01-02 00:50:44.091,109.47,0
Strategy-109.464999999999,16200,600,10000,1004,109.43,2008-01-02 00:40:01.944,1017,109.49,2008-01-02 00:54:48.790,109.49,0
Strategy-109.464999999999,16800,600,-10000,1017,109.49,2008-01-02 00:54:48.790,1021,109.43,2008-01-02 00:59:35.987,109.49,0
Strategy-109.439999999999,15500,600,-10000,1013,109.47,2008-01-02 00:50:44.091,1022,109.41,2008-01-02 01:00:11.220,109.47,0
Strategy-109.414999999999,15600,500,-10000,971,109.44,2008-01-02 00:07:33.571,1025,109.39,2008-01-02 01:03:13.836,109.44,0
Strategy-109.389999999999,16600,800,-10000,971,109.44,2008-01-02 00:07:33.571,1029,109.36,2008-01-02 01:07:09.638,109.44,0
Strategy-109.389999999999,17200,600,10000,1029,109.36,2008-01-02 01:07:09.638,1040,109.42,2008-01-02 01:22:27.604,109.42,0
Strategy-109.414999999999,16100,500,10000,1025,109.39,2008-01-02 01:03:13.836,1042,109.44,2008-01-02 01:24:28.744,109.44,0
Strategy-109.414999999999,16600,500,-10000,1042,109.44,2008-01-02 01:24:28.744,1047,109.39,2008-01-02 01:29:30.242,109.44,0
Strategy-109.414999999999,17100,500,10000,1047,109.39,2008-01-02 01:29:30.242,1053,109.44,2008-01-02 01:35:32.877,109.44,0
Strategy-109.439999999999,16100,600,10000,1022,109.41,2008-01-02 01:00:11.220,1053,109.47,2008-01-02 01:35:44.902,109.47,0
Strategy-109.464999999999,17400,600,10000,1021,109.43,2008-01-02 00:59:35.987,1055,109.49,2008-01-02 01:37:22.125,109.49,0
Strategy-109.464999999999,17900,500,-10000,1055,109.49,2008-01-02 01:37:22.125,1058,109.44,2008-01-02 01:40:49.513,109.49,0
Strategy-109.464999999999,18400,500,10000,1058,109.44,2008-01-02 01:40:49.513,1074,109.49,2008-01-02 02:00:40.534,109.49,0
Strategy-109.489999999999,14900,600,10000,1002,109.46,2008-01-02 00:38:56.705,1075,109.52,2008-01-02 02:01:07.601,109.52,0
Strategy-109.514999999999,14300,600,10000,1001,109.49,2008-01-02 00:37:40.467,1078,109.55,2008-01-02 02:05:39.057,109.55,0
Strategy-109.539999999999,13200,600,10000,1001,109.51,2008-01-02 00:37:26.435,1079,109.57,2008-01-02 02:06:46.140,109.57,0
Strategy-109.565,15800,600,10000,999,109.53,2008-01-02 00:35:45.164,1082,109.59,2008-01-02 02:09:15.433,109.59,0
Strategy-109.59,15100,900,10000,985,109.56,2008-01-02 00:21:33.767,1082,109.65,2008-01-02 02:09:45.597,109.65,0
Strategy-109.615,14200,800,10000,863,109.57,2008-01-01 22:15:35.584,1082,109.65,2008-01-02 02:09:45.597,109.65,0
Strategy-109.615,14800,600,-10000,1082,109.65,2008-01-02 02:09:45.597,1085,109.59,2008-01-02 02:12:11.851,109.65,0
Strategy-109.59,16000,900,-10000,1082,109.65,2008-01-02 02:09:45.597,1093,109.56,2008-01-02 02:24:50.634,109.65,0
Strategy-109.565,16300,500,-10000,1082,109.59,2008-01-02 02:09:15.433,1100,109.54,2008-01-02 02:35:18.494,109.59,0
Strategy-109.565,16800,500,10000,1100,109.54,2008-01-02 02:35:18.494,1104,109.59,2008-01-02 02:41:49.121,109.59,0
Strategy-109.59,16700,700,10000,1093,109.56,2008-01-02 02:24:50.634,1113,109.63,2008-01-02 02:53:48.116,109.63,0
Strategy-109.615,15300,500,10000,1085,109.59,2008-01-02 02:12:11.851,1114,109.64,2008-01-02 02:54:37.189,109.64,0
Strategy-109.64,13000,600,10000,850,109.61,2008-01-01 22:02:30.970,1123,109.67,2008-01-02 03:03:19.500,109.67,0
Strategy-109.665,12200,900,10000,850,109.62,2008-01-01 22:02:25.946,1129,109.71,2008-01-02 03:15:12.870,109.71,0
ScalpingController,-327000.000000002,-408500,10000,685,150.56,2008-01-01 19:16:53.095,1129,109.71,2008-01-02 03:15:12.870,111.56,0
Strategy-109.69,14000,1000,10000,850,109.62,2008-01-01 22:02:25.946,1129,109.72,2008-01-02 03:15:24.915,109.72,0
Strategy-109.69,14700,700,-10000,1129,109.72,2008-01-02 03:15:24.915,1142,109.65,2008-01-02 03:33:06.579,109.72,0
Strategy-109.665,12900,700,-10000,1129,109.71,2008-01-02 03:15:12.870,1143,109.64,2008-01-02 03:34:14.861,109.71,0
ScalpingController,-324900.000000002,2100,-10000,1129,109.85,2008-01-02 03:15:12.870,1143,109.64,2008-01-02 03:34:14.861,109.73,0
Strategy-109.665,13500,600,10000,1143,109.64,2008-01-02 03:34:14.861,1151,109.7,2008-01-02 03:55:18.275,109.7,0
ScalpingController,-324300.000000002,600,10000,1143,109.64,2008-01-02 03:34:14.861,1151,109.7,2008-01-02 03:55:18.275,109.7,0
Strategy-109.69,15500,800,10000,1142,109.65,2008-01-02 03:33:06.579,1155,109.73,2008-01-02 04:01:27.622,109.73,0
Strategy-109.715,13200,500,10000,848,109.69,2008-01-01 22:00:40.524,1160,109.74,2008-01-02 04:12:26.269,109.74,0
Strategy-109.715,13700,500,-10000,1160,109.74,2008-01-02 04:12:26.269,1164,109.69,2008-01-02 04:18:24.792,109.74,0
Strategy-109.69,16300,800,-10000,1155,109.73,2008-01-02 04:01:27.622,1166,109.65,2008-01-02 04:20:27.108,109.73,0
Strategy-109.665,14200,700,-10000,1151,109.7,2008-01-02 03:55:18.275,1166,109.63,2008-01-02 04:20:48.136,109.7,0
ScalpingController,-321000.000000002,3300,-10000,1151,109.96,2008-01-02 03:55:18.275,1166,109.63,2008-01-02 04:20:48.136,109.73,0
Strategy-109.64,13700,700,-10000,1123,109.67,2008-01-02 03:03:19.500,1167,109.6,2008-01-02 04:21:07.196,109.67,0
Strategy-109.615,15800,500,-10000,1114,109.64,2008-01-02 02:54:37.189,1170,109.59,2008-01-02 04:24:17.542,109.64,0
Strategy-109.59,17400,700,-10000,1113,109.63,2008-01-02 02:53:48.116,1177,109.56,2008-01-02 04:33:18.208,109.63,0
Strategy-109.539999999999,13900,700,-10000,1079,109.57,2008-01-02 02:06:46.140,1177,109.5,2008-01-02 04:33:51.296,109.57,0
Strategy-109.565,17700,900,-10000,1104,109.59,2008-01-02 02:41:49.121,1177,109.5,2008-01-02 04:33:51.296,109.59,0
Strategy-109.514999999999,14900,600,-10000,1078,109.55,2008-01-02 02:05:39.057,1178,109.49,2008-01-02 04:34:07.322,109.55,0
Strategy-109.489999999999,15500,600,-10000,1075,109.52,2008-01-02 02:01:07.601,1178,109.46,2008-01-02 04:34:57.449,109.52,0
Strategy-109.464999999999,18900,500,-10000,1074,109.49,2008-01-02 02:00:40.534,1179,109.44,2008-01-02 04:35:13.495,109.49,0
Strategy-109.439999999999,16800,700,-10000,1053,109.47,2008-01-02 01:35:44.902,1179,109.4,2008-01-02 04:35:44.613,109.47,0
Strategy-109.414999999999,17600,500,-10000,1053,109.44,2008-01-02 01:35:32.877,1184,109.39,2008-01-02 04:40:53.380,109.44,0
Strategy-109.389999999999,17800,600,-10000,1040,109.42,2008-01-02 01:22:27.604,1190,109.36,2008-01-02 04:46:46.193,109.42,0
Strategy-109.389999999999,18400,600,10000,1190,109.36,2008-01-02 04:46:46.193,1241,109.42,2008-01-02 05:41:57.117,109.42,0
Strategy-109.414999999999,18100,500,10000,1184,109.39,2008-01-02 04:40:53.380,1250,109.44,2008-01-02 05:50:16.163,109.44,0
Strategy-109.439999999999,17500,700,10000,1179,109.4,2008-01-02 04:35:44.613,1251,109.47,2008-01-02 05:51:21.250,109.47,0
Strategy-109.464999999999,19400,500,10000,1179,109.44,2008-01-02 04:35:13.495,1254,109.49,2008-01-02 05:54:09.497,109.49,0
Strategy-109.489999999999,16100,600,10000,1178,109.46,2008-01-02 04:34:57.449,1255,109.52,2008-01-02 05:55:31.619,109.52,0
Strategy-109.489999999999,16700,600,-10000,1255,109.52,2008-01-02 05:55:31.619,1258,109.46,2008-01-02 05:58:16.886,109.52,0
Strategy-109.464999999999,19900,500,-10000,1254,109.49,2008-01-02 05:54:09.497,1258,109.44,2008-01-02 05:58:58.929,109.49,0
Strategy-109.414999999999,18600,500,-10000,1250,109.44,2008-01-02 05:50:16.163,1270,109.39,2008-01-02 06:12:36.940,109.44,0
Strategy-109.439999999999,18300,800,-10000,1251,109.47,2008-01-02 05:51:21.250,1270,109.39,2008-01-02 06:12:36.940,109.47,0
Strategy-109.414999999999,19100,500,10000,1270,109.39,2008-01-02 06:12:36.940,1277,109.44,2008-01-02 06:22:56.893,109.44,0
Strategy-109.439999999999,19100,800,10000,1270,109.39,2008-01-02 06:12:36.940,1278,109.47,2008-01-02 06:23:18.942,109.47,0
Strategy-109.439999999999,19700,600,-10000,1278,109.47,2008-01-02 06:23:18.942,1282,109.41,2008-01-02 06:28:11.500,109.47,0
Strategy-109.414999999999,19600,500,-10000,1277,109.44,2008-01-02 06:22:56.893,1300,109.39,2008-01-02 06:50:58.475,109.44,0
Strategy-109.389999999999,19000,600,-10000,1241,109.42,2008-01-02 05:41:57.117,1307,109.36,2008-01-02 06:58:39.285,109.42,0
Strategy-109.389999999999,19600,600,10000,1307,109.36,2008-01-02 06:58:39.285,1325,109.42,2008-01-02 07:18:39.086,109.42,0
Strategy-109.414999999999,20100,500,10000,1300,109.39,2008-01-02 06:50:58.475,1327,109.44,2008-01-02 07:20:45.245,109.44,0
Strategy-109.439999999999,20300,600,10000,1282,109.41,2008-01-02 06:28:11.500,1331,109.47,2008-01-02 07:24:51.870,109.47,0
Strategy-109.464999999999,20400,500,10000,1258,109.44,2008-01-02 05:58:58.929,1333,109.49,2008-01-02 07:26:00.994,109.49,0
Strategy-109.489999999999,17300,600,10000,1258,109.46,2008-01-02 05:58:16.886,1340,109.52,2008-01-02 07:36:46.181,109.52,0
Strategy-109.464999999999,20900,500,-10000,1333,109.49,2008-01-02 07:26:00.994,1342,109.44,2008-01-02 07:38:00.456,109.49,0
Strategy-109.489999999999,18100,800,-10000,1340,109.52,2008-01-02 07:36:46.181,1342,109.44,2008-01-02 07:38:00.456,109.52,0
Strategy-109.464999999999,21400,500,10000,1342,109.44,2008-01-02 07:38:00.456,1344,109.49,2008-01-02 07:40:13.727,109.49,0
Strategy-109.489999999999,18900,800,10000,1342,109.44,2008-01-02 07:38:00.456,1346,109.52,2008-01-02 07:42:24.908,109.52,0
Strategy-109.514999999999,15400,500,10000,1178,109.49,2008-01-02 04:34:07.322,1346,109.54,2008-01-02 07:42:34.924,109.54,0
Strategy-109.514999999999,15900,500,-10000,1346,109.54,2008-01-02 07:42:34.924,1351,109.49,2008-01-02 07:48:35.486,109.54,0
Strategy-109.514999999999,16400,500,10000,1351,109.49,2008-01-02 07:48:35.486,1368,109.54,2008-01-02 08:08:06.077,109.54,0
Strategy-109.514999999999,16900,500,-10000,1368,109.54,2008-01-02 08:08:06.077,1383,109.49,2008-01-02 08:27:38.340,109.54,0
Strategy-109.514999999999,17400,500,10000,1383,109.49,2008-01-02 08:27:38.340,1391,109.54,2008-01-02 08:38:39.130,109.54,0
Strategy-109.539999999999,14600,700,10000,1177,109.5,2008-01-02 04:33:51.296,1397,109.57,2008-01-02 08:44:09.531,109.57,0
Strategy-109.565,18600,900,10000,1177,109.5,2008-01-02 04:33:51.296,1398,109.59,2008-01-02 08:45:04.585,109.59,0
Strategy-109.59,18200,800,10000,1177,109.56,2008-01-02 04:33:18.208,1407,109.64,2008-01-02 08:55:08.373,109.64,0
Strategy-109.615,16300,500,10000,1170,109.59,2008-01-02 04:24:17.542,1407,109.64,2008-01-02 08:55:08.373,109.64,0
Strategy-109.615,16800,500,-10000,1407,109.64,2008-01-02 08:55:08.373,1416,109.59,2008-01-02 09:06:44.204,109.64,0
Strategy-109.615,17300,500,10000,1416,109.59,2008-01-02 09:06:44.204,1428,109.64,2008-01-02 09:18:20.187,109.64,0
Strategy-109.64,14400,700,10000,1167,109.6,2008-01-02 04:21:07.196,1446,109.67,2008-01-02 09:42:02.475,109.67,0
Strategy-109.665,14800,600,10000,1166,109.63,2008-01-02 04:20:48.136,1446,109.69,2008-01-02 09:42:20.496,109.69,0
ScalpingController,-292600.000000002,28400,10000,1166,106.85,2008-01-02 04:20:48.136,1446,109.69,2008-01-02 09:42:20.496,109.69,0
Strategy-109.665,15300,500,-10000,1446,109.69,2008-01-02 09:42:20.496,1468,109.64,2008-01-02 10:07:22.194,109.69,0
ScalpingController,-292100.000000002,500,-10000,1446,109.69,2008-01-02 09:42:20.496,1468,109.64,2008-01-02 10:07:22.194,109.71,0
Strategy-109.64,15000,600,-10000,1446,109.67,2008-01-02 09:42:02.475,1469,109.61,2008-01-02 10:08:06.265,109.67,0
Strategy-109.64,15600,600,10000,1469,109.61,2008-01-02 10:08:06.265,1475,109.67,2008-01-02 10:17:44.949,109.67,0
Strategy-109.665,15900,600,10000,1468,109.64,2008-01-02 10:07:22.194,1476,109.7,2008-01-02 10:18:26.037,109.7,0
ScalpingController,-290300.000000002,1800,10000,1468,109.52,2008-01-02 10:07:22.194,1476,109.7,2008-01-02 10:18:26.037,109.7,0
Strategy-109.69,17000,700,10000,1166,109.65,2008-01-02 04:20:27.108,1479,109.72,2008-01-02 10:21:07.316,109.72,0
Strategy-109.69,17600,600,-10000,1479,109.72,2008-01-02 10:21:07.316,1494,109.66,2008-01-02 10:43:06.525,109.72,0
Strategy-109.665,16500,600,-10000,1476,109.7,2008-01-02 10:18:26.037,1502,109.64,2008-01-02 10:56:29.570,109.7,0
ScalpingController,-288500.000000002,1800,-10000,1476,109.82,2008-01-02 10:18:26.037,1502,109.64,2008-01-02 10:56:29.570,109.73,0
Strategy-109.64,16200,600,-10000,1475,109.67,2008-01-02 10:17:44.949,1514,109.61,2008-01-02 11:11:36.048,109.67,0
Strategy-109.615,17800,500,-10000,1428,109.64,2008-01-02 09:18:20.187,1522,109.59,2008-01-02 11:23:27.927,109.64,0
Strategy-109.59,19000,800,-10000,1407,109.64,2008-01-02 08:55:08.373,1526,109.56,2008-01-02 11:27:09.367,109.64,0
Strategy-109.59,19600,600,10000,1526,109.56,2008-01-02 11:27:09.367,1539,109.62,2008-01-02 11:41:29.343,109.62,0
Strategy-109.615,18300,500,10000,1522,109.59,2008-01-02 11:23:27.927,1543,109.64,2008-01-02 11:45:44.909,109.64,0
Strategy-109.64,16800,600,10000,1514,109.61,2008-01-02 11:11:36.048,1550,109.67,2008-01-02 11:52:44.998,109.67,0
Strategy-109.64,17500,700,-10000,1550,109.67,2008-01-02 11:52:44.998,1552,109.6,2008-01-02 11:54:36.233,109.67,0
Strategy-109.615,18800,500,-10000,1543,109.64,2008-01-02 11:45:44.909,1552,109.59,2008-01-02 11:54:42.256,109.64,0
Strategy-109.59,20200,600,-10000,1539,109.62,2008-01-02 11:41:29.343,1554,109.56,2008-01-02 11:56:16.529,109.62,0
Strategy-109.565,19100,500,-10000,1398,109.59,2008-01-02 08:45:04.585,1561,109.54,2008-01-02 12:04:18.660,109.59,0
Strategy-109.539999999999,15200,600,-10000,1397,109.57,2008-01-02 08:44:09.531,1564,109.51,2008-01-02 12:07:35.142,109.57,0
Strategy-109.514999999999,17900,500,-10000,1391,109.54,2008-01-02 08:38:39.130,1565,109.49,2008-01-02 12:08:46.440,109.54,0
Strategy-109.489999999999,19500,600,-10000,1346,109.52,2008-01-02 07:42:24.908,1583,109.46,2008-01-02 12:29:08.221,109.52,0
Strategy-109.464999999999,21900,500,-10000,1344,109.49,2008-01-02 07:40:13.727,1584,109.44,2008-01-02 12:30:16.443,109.49,0
Strategy-109.439999999999,20900,600,-10000,1331,109.47,2008-01-02 07:24:51.870,1584,109.41,2008-01-02 12:30:48.582,109.47,0
Strategy-109.414999999999,20800,700,-10000,1327,109.44,2008-01-02 07:20:45.245,1585,109.37,2008-01-02 12:31:20.731,109.44,0
Strategy-109.389999999999,20200,600,-10000,1325,109.42,2008-01-02 07:18:39.086,1587,109.36,2008-01-02 12:33:07.084,109.42,0
Strategy-109.389999999999,20800,600,10000,1587,109.36,2008-01-02 12:33:07.084,1595,109.42,2008-01-02 12:41:12.891,109.42,0
Strategy-109.414999999999,21600,800,10000,1585,109.37,2008-01-02 12:31:20.731,1595,109.45,2008-01-02 12:41:23.951,109.45,0
Strategy-109.439999999999,21500,600,10000,1584,109.41,2008-01-02 12:30:48.582,1608,109.47,2008-01-02 12:54:21.806,109.47,0
Strategy-109.464999999999,22400,500,10000,1584,109.44,2008-01-02 12:30:16.443,1610,109.49,2008-01-02 12:56:13.293,109.49,0
Strategy-109.464999999999,22900,500,-10000,1610,109.49,2008-01-02 12:56:13.293,1614,109.44,2008-01-02 13:00:55.447,109.49,0
Strategy-109.464999999999,23400,500,10000,1614,109.44,2008-01-02 13:00:55.447,1618,109.49,2008-01-02 13:04:04.424,109.49,0
Strategy-109.489999999999,20300,800,10000,1583,109.46,2008-01-02 12:29:08.221,1619,109.54,2008-01-02 13:05:05.702,109.54,0
Strategy-109.514999999999,18400,500,10000,1565,109.49,2008-01-02 12:08:46.440,1619,109.54,2008-01-02 13:05:05.702,109.54,0
Strategy-109.539999999999,15800,600,10000,1564,109.51,2008-01-02 12:07:35.142,1622,109.57,2008-01-02 13:08:01.868,109.57,0
Strategy-109.565,19600,500,10000,1561,109.54,2008-01-02 12:04:18.660,1622,109.59,2008-01-02 13:08:14.960,109.59,0
Strategy-109.59,20800,600,10000,1554,109.56,2008-01-02 11:56:16.529,1623,109.62,2008-01-02 13:09:08.295,109.62,0
Strategy-109.615,19400,600,10000,1552,109.59,2008-01-02 11:54:42.256,1625,109.65,2008-01-02 13:11:02.876,109.65,0
Strategy-109.615,20000,600,-10000,1625,109.65,2008-01-02 13:11:02.876,1626,109.59,2008-01-02 13:12:28.217,109.65,0
Strategy-109.615,20600,600,10000,1626,109.59,2008-01-02 13:12:28.217,1632,109.65,2008-01-02 13:18:50.798,109.65,0
Strategy-109.615,21200,600,-10000,1632,109.65,2008-01-02 13:18:50.798,1634,109.59,2008-01-02 13:20:43.147,109.65,0
Strategy-109.59,21500,700,-10000,1623,109.62,2008-01-02 13:09:08.295,1638,109.55,2008-01-02 13:24:51.316,109.62,0
Strategy-109.565,20100,500,-10000,1622,109.59,2008-01-02 13:08:14.960,1639,109.54,2008-01-02 13:25:20.462,109.59,0
Strategy-109.539999999999,16400,600,-10000,1622,109.57,2008-01-02 13:08:01.868,1640,109.51,2008-01-02 13:26:10.672,109.57,0
Strategy-109.539999999999,17000,600,10000,1640,109.51,2008-01-02 13:26:10.672,1648,109.57,2008-01-02 13:34:23.798,109.57,0
Strategy-109.565,20600,500,10000,1639,109.54,2008-01-02 13:25:20.462,1648,109.59,2008-01-02 13:34:41.932,109.59,0
Strategy-109.59,22200,700,10000,1638,109.55,2008-01-02 13:24:51.316,1651,109.62,2008-01-02 13:37:26.991,109.62,0
Strategy-109.615,21700,500,10000,1634,109.59,2008-01-02 13:20:43.147,1652,109.64,2008-01-02 13:38:21.473,109.64,0
Strategy-109.64,18200,700,10000,1552,109.6,2008-01-02 11:54:36.233,1653,109.67,2008-01-02 13:39:11.815,109.67,0
Strategy-109.615,22200,500,-10000,1652,109.64,2008-01-02 13:38:21.473,1654,109.59,2008-01-02 13:40:26.199,109.64,0
Strategy-109.64,19000,800,-10000,1653,109.67,2008-01-02 13:39:11.815,1654,109.59,2008-01-02 13:40:26.199,109.67,0
Strategy-109.59,22800,600,-10000,1651,109.62,2008-01-02 13:37:26.991,1658,109.56,2008-01-02 13:44:07.391,109.62,0
Strategy-109.565,21100,500,-10000,1648,109.59,2008-01-02 13:34:41.932,1658,109.54,2008-01-02 13:44:17.442,109.59,0
Strategy-109.539999999999,17600,600,-10000,1648,109.57,2008-01-02 13:34:23.798,1658,109.51,2008-01-02 13:44:51.627,109.57,0
Strategy-109.514999999999,18900,500,-10000,1619,109.54,2008-01-02 13:05:05.702,1669,109.49,2008-01-02 13:55:30.148,109.54,0
Strategy-109.489999999999,21100,800,-10000,1619,109.54,2008-01-02 13:05:05.702,1672,109.46,2008-01-02 13:58:44.841,109.54,0
Strategy-109.464999999999,23900,500,-10000,1618,109.49,2008-01-02 13:04:04.424,1677,109.44,2008-01-02 14:03:39.845,109.49,0
Strategy-109.439999999999,22100,600,-10000,1608,109.47,2008-01-02 12:54:21.806,1678,109.41,2008-01-02 14:04:42.157,109.47,0
Strategy-109.414999999999,22300,700,-10000,1595,109.45,2008-01-02 12:41:23.951,1679,109.38,2008-01-02 14:05:34.404,109.45,0
Strategy-109.389999999999,21400,600,-10000,1595,109.42,2008-01-02 12:41:12.891,1680,109.36,2008-01-02 14:06:02.645,109.42,0
Strategy-109.389999999999,22100,700,10000,1680,109.36,2008-01-02 14:06:02.645,1681,109.43,2008-01-02 14:07:20.249,109.43,0
Strategy-109.414999999999,22900,600,10000,1679,109.38,2008-01-02 14:05:34.404,1690,109.44,2008-01-02 14:16:38.033,109.44,0
Strategy-109.414999999999,23400,500,-10000,1690,109.44,2008-01-02 14:16:38.033,1694,109.39,2008-01-02 14:20:10.165,109.44,0
Strategy-109.389999999999,22800,700,-10000,1681,109.43,2008-01-02 14:07:20.249,1696,109.36,2008-01-02 14:22:33.679,109.43,0
Strategy-109.389999999999,23400,600,10000,1696,109.36,2008-01-02 14:22:33.679,1713,109.42,2008-01-02 14:39:13.130,109.42,0
Strategy-109.414999999999,24200,800,10000,1694,109.39,2008-01-02 14:20:10.165,1714,109.47,2008-01-02 14:40:48.552,109.47,0
Strategy-109.439999999999,22700,600,10000,1678,109.41,2008-01-02 14:04:42.157,1714,109.47,2008-01-02 14:40:48.552,109.47,0
Strategy-109.439999999999,23300,600,-10000,1714,109.47,2008-01-02 14:40:48.552,1716,109.41,2008-01-02 14:42:28.259,109.47,0
Strategy-109.414999999999,25200,1000,-10000,1714,109.47,2008-01-02 14:40:48.552,1718,109.37,2008-01-02 14:44:47.892,109.47,0
Strategy-109.389999999999,24000,600,-10000,1713,109.42,2008-01-02 14:39:13.130,1718,109.36,2008-01-02 14:44:57.951,109.42,0
Strategy-109.94,4600,-5400,10000,788,109.73,2008-01-01 21:00:02.411,1727,109.19,2008-01-02 14:53:20.476,109.73,0
Strategy-109.865,3800,-6200,10000,791,109.73,2008-01-01 21:03:03.256,1727,109.11,2008-01-02 14:53:59.716,109.73,0
Strategy-109.89,4000,-6000,10000,790,109.71,2008-01-01 21:02:15.857,1727,109.11,2008-01-02 14:53:59.716,109.71,0
Strategy-109.915,3900,-6100,10000,789,109.72,2008-01-01 21:01:00.100,1727,109.11,2008-01-02 14:53:59.716,109.72,0
Strategy-109.84,3600,-6400,10000,792,109.73,2008-01-01 21:04:01.732,1729,109.09,2008-01-02 14:55:18.133,109.73,0
Strategy-109.79,4600,-7400,10000,831,109.76,2008-01-01 21:43:38.401,1730,109.02,2008-01-02 14:56:13.526,109.76,0
Strategy-109.815,3100,-6900,10000,793,109.71,2008-01-01 21:05:03.257,1730,109.02,2008-01-02 14:56:13.526,109.71,0
Strategy-109.765,6300,-7300,10000,837,109.74,2008-01-01 21:49:44.195,1730,109.01,2008-01-02 14:56:49.882,109.74,0
Strategy-109.74,6100,-7000,10000,838,109.67,2008-01-01 21:50:46.585,1754,108.97,2008-01-02 15:20:35.535,109.67,0
Strategy-109.69,10200,-7400,10000,1494,109.66,2008-01-02 10:43:06.525,1754,108.92,2008-01-02 15:20:52.630,109.66,0
Strategy-109.715,6000,-7700,10000,1164,109.69,2008-01-02 04:18:24.792,1754,108.92,2008-01-02 15:20:52.630,109.69,0
Strategy-109.615,14800,-7400,10000,1654,109.59,2008-01-02 13:40:26.199,1755,108.85,2008-01-02 15:21:17.841,109.59,0
Strategy-109.64,11600,-7400,10000,1654,109.59,2008-01-02 13:40:26.199,1755,108.85,2008-01-02 15:21:17.841,109.59,0
Strategy-109.665,8600,-7900,10000,1502,109.64,2008-01-02 10:56:29.570,1755,108.85,2008-01-02 15:21:17.841,109.64,0
Strategy-109.59,15600,-7200,10000,1658,109.56,2008-01-02 13:44:07.391,1757,108.84,2008-01-02 15:23:33.717,109.56,0
Strategy-109.539999999999,10400,-7200,10000,1658,109.51,2008-01-02 13:44:51.627,1757,108.79,2008-01-02 15:23:53.870,109.51,0
Strategy-109.565,13600,-7500,10000,1658,109.54,2008-01-02 13:44:17.442,1757,108.79,2008-01-02 15:23:53.870,109.54,0
Strategy-109.514999999999,11500,-7400,10000,1669,109.49,2008-01-02 13:55:30.148,1760,108.75,2008-01-02 15:26:00.688,109.49,0
Strategy-109.489999999999,13900,-7200,10000,1672,109.46,2008-01-02 13:58:44.841,1760,108.74,2008-01-02 15:26:25.822,109.46,0
Strategy-109.439999999999,15900,-7400,10000,1716,109.41,2008-01-02 14:42:28.259,1762,108.67,2008-01-02 15:28:10.555,109.41,0
Strategy-109.464999999999,16200,-7700,10000,1677,109.44,2008-01-02 14:03:39.845,1762,108.67,2008-01-02 15:28:10.555,109.44,0
Strategy-109.389999999999,16800,-7200,10000,1718,109.36,2008-01-02 14:44:57.951,1762,108.64,2008-01-02 15:28:20.643,109.36,0
Strategy-109.414999999999,17900,-7300,10000,1718,109.37,2008-01-02 14:44:47.892,1762,108.64,2008-01-02 15:28:20.643,109.37,0
ScalpingController,-395400.000000004,-106900.000000002,20000,1502,113.985,2008-01-02 10:56:29.570,1762,108.64,2008-01-02 15:28:20.643,109.67,0
